

@article{bholat2015text,
  title={Text mining for central banks: handbook},
  author={Bholat, David M and Hansen, Stephen and Santos, Pedro and Schonhardt-Bailey, Cheryl},
  year={2015},
  journal={Centre for Central Banking Studies},
  volume={33},
  pages={1--19}
}


@article{carvalho2010horseshoe,
  title={The horseshoe estimator for sparse signals},
  author={Carvalho, Carlos M and Polson, Nicholas G and Scott, James G},
  journal={Biometrika},
  volume={97},
  number={2},
  pages={465--480},
  year={2010},
  publisher={Oxford University Press}
}


@article{paszke2017automatic,
  title={Automatic differentiation in PyTorch},
  author={Paszke, Adam and Gross, Sam and Chintala, Soumith and Chanan, Gregory and Yang, Edward and DeVito, Zachary and Lin, Zeming and Desmaison, Alban and Antiga, Luca and Lerer, Adam},
  year={2017}
}


@article{nassirtoussi2014text,
  title={Text mining for market prediction: A systematic review},
  author={Nassirtoussi, Arman Khadjeh and Aghabozorgi, Saeed and Wah, Teh Ying and Ngo, David Chek Ling},
  journal={Expert Systems with Applications},
  volume={41},
  number={16},
  pages={7653--7670},
  year={2014},
  publisher={Elsevier}
}



@article{welch2007comprehensive,
  title={A comprehensive look at the empirical performance of equity premium prediction},
  author={Welch, Ivo and Goyal, Amit},
  journal={The Review of Financial Studies},
  volume={21},
  number={4},
  pages={1455--1508},
  year={2007},
  publisher={Society for Financial Studies}
}
@article{pettenuzzo2011predictability,
  title={Predictability of stock returns and asset allocation under structural breaks},
  author={Pettenuzzo, Davide and Timmermann, Allan},
  journal={Journal of Econometrics},
  volume={164},
  number={1},
  pages={60--78},
  year={2011},
  publisher={Elsevier}
}
@article{dangl2012predictive,
  title={Predictive regressions with time-varying coefficients},
  author={Dangl, Thomas and Halling, Michael},
  journal={Journal of Financial Economics},
  volume={106},
  number={1},
  pages={157--181},
  year={2012},
  publisher={Elsevier}
}
@article{campbell2007predicting,
  title={Predicting excess stock returns out of sample: Can anything beat the historical average?},
  author={Campbell, John Y and Thompson, Samuel B},
  journal={The Review of Financial Studies},
  volume={21},
  number={4},
  pages={1509--1531},
  year={2007},
  publisher={Society for Financial Studies}
}
@article{rapach2005macro,
  title={Macro variables and international stock return predictability},
  author={Rapach, David E and Wohar, Mark E and Rangvid, Jesper},
  journal={International journal of forecasting},
  volume={21},
  number={1},
  pages={137--166},
  year={2005},
  publisher={Elsevier}
}
@article{rapach2005valuation,
  title={Valuation ratios and long-horizon stock price predictability},
  author={Rapach, David E and Wohar, Mark E},
  journal={Journal of Applied Econometrics},
  volume={20},
  number={3},
  pages={327--344},
  year={2005},
  publisher={Wiley Online Library}
}
@article{hochreiter1997lstm,
  title={Long short-term memory},
  author={Hochreiter, Sepp and Schmidhuber, J{\"u}rgen},
  journal={Neural computation},
  volume={9},
  number={8},
  pages={1735--1780},
  year={1997},
  publisher={MIT Press}
}

@article{radford2017sentiment,
  title={Learning to generate reviews and discovering sentiment},
  author={Radford, Alec and Jozefowicz, Rafal and Sutskever, Ilya},
  journal={arXiv preprint arXiv:1704.01444},
  year={2017}
}

@book{goodfellow2016deep,
  title={Deep learning},
  author={Goodfellow, Ian and Bengio, Yoshua and Courville, Aaron and Bengio, Yoshua},
  volume={1},
  year={2016},
  publisher={MIT press Cambridge}
}

@article{krause2016mlstm,
  title={Multiplicative LSTM for sequence modelling},
  author={Krause, Ben and Lu, Liang and Murray, Iain and Renals, Steve},
  journal={arXiv preprint arXiv:1609.07959},
  year={2016}
}

@article{puri2018large,
  title={Large Scale Language Modeling: Converging on 40GB of Text in Four Hours},
  author={Puri, Raul and Kirby, Robert and Yakovenko, Nikolai and Catanzaro, Bryan},
  journal={arXiv preprint arXiv:1808.01371},
  year={2018}
}

@inproceedings{sutskever2011generating,
  title={Generating text with recurrent neural networks},
  author={Sutskever, Ilya and Martens, James and Hinton, Geoffrey E},
  booktitle={Proceedings of the 28th International Conference on Machine Learning (ICML-11)},
  pages={1017--1024},
  year={2011}
}

@article{cooijmans2016recurrent,
  title={Recurrent batch normalization},
  author={Cooijmans, Tim and Ballas, Nicolas and Laurent, C{\'e}sar and G{\"u}l{\c{c}}ehre, {\c{C}}a{\u{g}}lar and Courville, Aaron},
  journal={arXiv preprint arXiv:1603.09025},
  year={2016}
}

@article{cho2014gru,
  author    = {Kyunghyun Cho and
               Bart van Merrienboer and
               {\c{C}}aglar G{\"{u}}l{\c{c}}ehre and
               Fethi Bougares and
               Holger Schwenk and
               Yoshua Bengio},
  title     = {Learning Phrase Representations using {RNN} Encoder-Decoder for Statistical
               Machine Translation},
  journal   = {CoRR},
  volume    = {abs/1406.1078},
  year      = {2014},
  url       = {http://arxiv.org/abs/1406.1078},
  archivePrefix = {arXiv},
  eprint    = {1406.1078},
  timestamp = {Mon, 13 Aug 2018 16:46:44 +0200},
  biburl    = {https://dblp.org/rec/bib/journals/corr/ChoMGBSB14},
  bibsource = {dblp computer science bibliography, https://dblp.org}
}

@techreport{carriero2015large,
  title={Large vector autoregressions with asymmetric priors},
  author={Carriero, Andrea and Clark, Todd E and Marcellino, Massimiliano},
  year={2015},
  institution={Working Paper, School of Economics and Finance, Queen Mary University of London}
}

@article{bitto2016achieving,
  title={Achieving shrinkage in a time-varying parameter model framework},
  author={Bitto, Angela and Fr{\"u}hwirth-Schnatter, Sylvia},
  journal={arXiv preprint arXiv:1611.01310},
  year={2016}
}

@article{fruhwirth2010stochastic,
  title={Stochastic model specification search for Gaussian and partial non-Gaussian state space models},
  author={Fr{\"u}hwirth-Schnatter, Sylvia and Wagner, Helga},
  journal={Journal of Econometrics},
  volume={154},
  number={1},
  pages={85--100},
  year={2010},
  publisher={Elsevier}
}

@article{gordon1990modeling,
  title={Modeling and monitoring biomedical time series},
  author={Gordon, K and Smith, AFM},
  journal={Journal of the American Statistical Association},
  volume={85},
  number={410},
  pages={328--337},
  year={1990},
  publisher={Taylor \& Francis}
}

@Article{kastnerjss,
  title = {Dealing with stochastic volatility in time series using the {R} package stochvol},
  author = {Gregor Kastner},
  journal = {Journal of Statistical Software},
  volume = {forthcoming},
  year={2015},
  url = {http://cran.r-project.org/web/packages/stochvol/vignettes/article.pdf},
}

@article{kastner2014ancillarity,
  title={Ancillarity-sufficiency interweaving strategy (ASIS) for boosting MCMC estimation of stochastic volatility models},
  author={Kastner, Gregor and Fr{\"u}hwirth-Schnatter, Sylvia},
  journal={Computational Statistics \& Data Analysis},
  volume={76},
  pages={408--423},
  year={2014},
  publisher={Elsevier}
}

@Article{carter1994gibbs,
  Title                    = {On Gibbs sampling for state space models},
  Author                   = {Carter, Chris K and Kohn, Robert},
  Journal                  = {Biometrika},
  Year                     = {1994},
  Number                   = {3},
  Pages                    = {541--553},
  Volume                   = {81},

  Publisher                = {Biometrika Trust}
}

@article{harrison1976bayesian,
  title={Bayesian forecasting},
  author={Harrison, P Jeffrey and Stevens, Colin F},
  journal={Journal of the Royal Statistical Society. Series B (Methodological)},
  pages={205--247},
  year={1976},
  publisher={JSTOR}
}

@Article{fruhwirth1994data,
  Title                    = {Data augmentation and dynamic linear models},
  Author                   = {Fr{\"u}hwirth-Schnatter, Sylvia},
  Journal                  = {Journal of Time Series Analysis},
  Year                     = {1994},
  Number                   = {2},
  Pages                    = {183--202},
  Volume                   = {15},

  Publisher                = {Wiley Online Library}
}

@article{kastner2015dealing,
  title={Dealing with stochastic volatility in time series using the R package stochvol},
  author={Kastner, Gregor},
  journal={Journal of Statistical Software. URL http://cran. r-project. org/web/packages/stochvol/vignettes/article. pdf},
  year={2015}
}

@article{geweke1994bayesian,
  title={[Bayesian Analysis of Stochastic Volatility Models]: Comment},
  author={Geweke, John},
  journal={Journal of Business \& Economic Statistics},
  volume={12},
  number={4},
  pages={397--399},
  year={1994},
  publisher={JSTOR}
}

@article{kastner2015heavy,
  title={Heavy-tailed innovations in the R package stochvol},
  author={Kastner, Gregor},
  year={2015},
  publisher={WU Vienna University of Economics and Business},
  journal = {ePubWU Institutional Repository}
}

@article{griffin2010inference,
  title={Inference with normal-gamma prior distributions in regression problems},
  author={Griffin, Jim E and Brown, Philip J and others},
  journal={Bayesian Analysis},
  volume={5},
  number={1},
  pages={171--188},
  year={2010},
  publisher={International Society for Bayesian Analysis}
}

@article{gallant1997estimation,
  title={Estimation of stochastic volatility models with diagnostics},
  author={Gallant, A Ronald and Hsieh, David and Tauchen, George},
  journal={Journal of Econometrics},
  volume={81},
  number={1},
  pages={159--192},
  year={1997},
  publisher={Elsevier}
}

@article{jacquier2004bayesian,
  title={Bayesian analysis of stochastic volatility models with fat-tails and correlated errors},
  author={Jacquier, Eric and Polson, Nicholas G and Rossi, Peter E},
  journal={Journal of Econometrics},
  volume={122},
  number={1},
  pages={185--212},
  year={2004},
  publisher={Elsevier}
}

@article{west1987scale,
  title={On scale mixtures of normal distributions},
  author={West, Mike},
  journal={Biometrika},
  volume={74},
  number={3},
  pages={646--648},
  year={1987},
  publisher={Oxford University Press}
}

@article{belmonte2014hierarchical,
  title={Hierarchical shrinkage in time-varying parameter models},
  author={Belmonte, Miguel AG and Koop, Gary and Korobilis, Dimitris},
  journal={Journal of Forecasting},
  volume={33},
  number={1},
  pages={80--94},
  year={2014},
  publisher={Wiley Online Library}
}

@Article{primiceri2005time,
  Title                    = {Time varying structural vector autoregressions and monetary policy},
  Author                   = {Primiceri, Giorgio E},
  Journal                  = {The Review of Economic Studies},
  Year                     = {2005},
  Number                   = {3},
  Pages                    = {821--852},
  Volume                   = {72},

  Publisher                = {Oxford University Press}
}

@article{feldkircher2017sophisticated,
  title={Sophisticated and small versus simple and sizeable: When does it pay off to introduce drifting coefficients in Bayesian VARs?},
  author={Feldkircher, Martin and Huber, Florian and Kastner, Gregor},
  journal={arXiv preprint arXiv:1711.00564},
  year={2017}
}

@article{hotz2018predicting,
  title={Predicting crypto-currencies using sparse non-Gaussian state space models},
  author={Hotz-Behofsits, Christian and Huber, Florian and Z{\"o}rner, Thomas Otto},
  journal={Journal of Forecasting},
  year={2018},
  publisher={Wiley Online Library}
}

@article{geweke2010comparing,
  title={Comparing and evaluating Bayesian predictive distributions of asset returns},
  author={Geweke, John and Amisano, Gianni},
  journal={International Journal of Forecasting},
  volume={26},
  number={2},
  pages={216--230},
  year={2010},
  publisher={Elsevier}
}

@article{aki2017sparsity,
  title={Sparsity information and regularization in the horseshoe and other shrinkage priors},
  author={Piironen, Juho and Vehtari, Aki},
  journal={Electronic Journal of Statistics},
  volume={11},
  number={2},
  pages={5018--5051},
  year={2017},
  publisher={The Institute of Mathematical Statistics and the Bernoulli Society}
}

@article{loughran2011liability,
  title={When is a liability not a liability? Textual analysis, dictionaries, and 10-Ks},
  author={Loughran, Tim and McDonald, Bill},
  journal={The Journal of Finance},
  volume={66},
  number={1},
  pages={35--65},
  year={2011},
  publisher={Wiley Online Library}
}

@article{stock2002macroeconomic,
  title={Macroeconomic forecasting using diffusion indexes},
  author={Stock, James H and Watson, Mark W},
  journal={Journal of Business \& Economic Statistics},
  volume={20},
  number={2},
  pages={147--162},
  year={2002},
  publisher={Taylor \& Francis}
}

@article{jia2017long,
  title={Long Short-Term Memory Projection Recurrent Neural Network Architectures for Piano's Continuous Note Recognition},
  author={Jia, YuKang and Wu, Zhicheng and Xu, Yanyan and Ke, Dengfeng and Su, Kaile},
  journal={Journal of Robotics},
  volume={2017},
  year={2017},
  publisher={Hindawi}
}


@article{jegadeesh2013word,
  title={Word power: A new approach for content analysis},
  author={Jegadeesh, Narasimhan and Wu, Di},
  journal={Journal of Financial Economics},
  volume={110},
  number={3},
  pages={712--729},
  year={2013},
  publisher={Elsevier}
}

@article{sentiment_neuron,
  author    = {Alec Radford and
               Rafal J{\'{o}}zefowicz and
               Ilya Sutskever},
  title     = {Learning to Generate Reviews and Discovering Sentiment},
  journal   = {CoRR},
  volume    = {abs/1704.01444},
  year      = {2017},
  url       = {http://arxiv.org/abs/1704.01444},
  archivePrefix = {arXiv},
  eprint    = {1704.01444},
  timestamp = {Mon, 13 Aug 2018 16:47:25 +0200},
  biburl    = {https://dblp.org/rec/bib/journals/corr/RadfordJS17},
  bibsource = {dblp computer science bibliography, https://dblp.org}
}


@misc{stan,
  author       = {Daniel Lee and
                  Bob Carpenter and
                  Peter Li and
                  Mitzi Morris and
                  Michael Betancourt and
                  maverickg and
                  Marcus Brubaker and
                  Rob Trangucci and
                  Marco Inacio and
                  Alp Kucukelbir and
                  Stan buildbot and
                  bgoodri and
                  seantalts and
                  Jeffrey Arnold and
                  Dustin Tran and
                  Matt Hoffman and
                  Charles Margossian and
                  Martin Modrák and
                  Avraham Adler and
                  Krzysztof Sakrejda and
                  Alexey Stukalov and
                  Mike Lawrence and
                  Rob J Goedman and
                  Kevin S. Van Horn and
                  Aki Vehtari and
                  Jonah Gabry and
                  Juan Sebastián Casallas and
                  Ben Bales},
  title        = {stan-dev/stan: v2.17.1},
  month        = dec,
  year         = 2017,
  doi          = {10.5281/zenodo.1101116},
  url          = {https://doi.org/10.5281/zenodo.1101116}
}
@Misc{rstan,
    title = {{RStan}: the {R} interface to {Stan}},
    author = {{Stan Development Team}},
    note = {R package version 2.18.1},
    year = {2018},
    url = {http://mc-stan.org/},
  }

@article{hering2016annual,
  title={The Annual Report Algorithm: Retrieval of Financial Statements and Extraction of Textual Information},
  author={Hering, J{\"o}rg},
  year={2016}
}
